0199333    02096EUR2 19634377640  160722                                                  0000002685970A                
0499333000102096EUR2 1963437764001170722  160722CHEQUE N.4006571                 40065710 0000000002592}                
0499333000102096EUR2 1963437764001170722  160722CHEQUE N.4006572                 40065720 0000000002826}                
0499333056802096EUR2 1963437764018170722  170722123 SERVICES                     0000000  0000000348824G                
0599333056802096EUR2 1963437764018170722     LIBNREF 8736, VREF SO0004                                                  
0599333056802096EUR2 1963437764018170722     LIBFC200001                                                                
0799333    02096EUR2 19634377640  170722                                                  0000002029376H                
0199333    02096EUR2 19634377640  170722                                                  0000002029376H                
0499333000102096EUR2 1963437764001180722  170722CHEQUE N.4001234                 40065780 0000000001473L                
0499333000102096EUR2 1963437764001180722  170722CHEQUE N.4001235                 40065810 0000000015739}                
0499333081302096EUR2 19634377640B1180722  180722PRLV SEPA/MOBILE PHONE                  0 0000000002133Q2456525         
0599333081302096EUR2 19634377640B1180722     NBEERRRTEL                                                                 
0599333081302096EUR2 19634377640B1180722     IBEFR14ZZZ012345                                                           
0599333081302096EUR2 19634377640B1180722     LCCMOBENT - P - FACTURE  2456525 - COMPTE FACT  2456528 - IDENT  1800054   
0599333081302096EUR2 19634377640B1180722     RUM08450414570000543921               RCUR                                 
0499333081302096EUR2 19634377640B1180722  180722VIREMENT T0008                          0 0000000005227KINV0005         
0599333081302096EUR2 19634377640B1180722     LIBFACTURE INV0005                                                         
0499333081302096EUR2 19634377640B1180722  180722PAIEMENT CB FACTURE INV0002             0 0000000061194}INV0002         
0799333    02096EUR2 19634377640  180722                                                  0000002943609E                
