0199333    02096EUR2 19634377640  160724                                                  0000002685970A                
0499333000102096EUR2 1963437764001170724  160724CHEQUE N.4006571                 40065710 0000000002592}                
0499333000102096EUR2 1963437764001170724  160724CHEQUE N.4006572                 40065720 0000000002826}                
0499333056802096EUR2 1963437764018170724  170724123 SERVICES                     0000000  0000000348824G                
0599333056802096EUR2 1963437764018170724     LIBNREF 8736, VREF SO0004                                                  
0599333056802096EUR2 1963437764018170724     LIBFC200001                                                                
0799333    02096EUR2 19634377640  170724                                                  0000003029376H                
0199333    02096EUR2 19634377640  170724                                                  0000003029376H                
0499333000102096EUR2 1963437764001180724  170724CHEQUE N.4001234                 40065780 0000000001473L                
0499333000102096EUR2 1963437764001180724  170724CHEQUE N.4001235                 40065810 0000000015739}                
0499333081302096EUR2 19634377640B1180724  180724PRLV SEPA/MOBILE PHONE                  0 0000000002133Q2456525         
0599333081302096EUR2 19634377640B1180724     NBEERRRTEL                                                                 
0599333081302096EUR2 19634377640B1180724     IBEFR14ZZZ012345                                                           
0599333081302096EUR2 19634377640B1180724     LCCMOBENT - P - FACTURE  2456525 - COMPTE FACT  2456528 - IDENT  1800054   
0599333081302096EUR2 19634377640B1180724     RUM08450414570000543921               RCUR                                 
0499333081302096EUR2 19634377640B1180724  180724VIREMENT T0008                          0 0000000005227KINV0005         
0599333081302096EUR2 19634377640B1180724     LIBFACTURE INV0005                                                         
0499333081302096EUR2 19634377640B1180724  180724PAIEMENT CB FACTURE INV0002             0 0000000061194}INV0002         
0799333    02096EUR2 19634377640  180724                                                  0000002943609E                
