0199333    02096EUR2 19634377640  TODAY[-2d]                                                  0000002685970A                
0499333000102096EUR2 1963437764001TODAY[-1d]  TODAY[-2d]CHEQUE N.4006571                 40065710 0000000002592}                
0499333000102096EUR2 1963437764001TODAY[-1d]  TODAY[-2d]CHEQUE N.4006572                 40065720 0000000002826}                
0499333056802096EUR2 1963437764018TODAY[-1d]  TODAY[-1d]123 SERVICES                     0000000  0000000348824G                
0599333056802096EUR2 1963437764018TODAY[-1d]     LIBNREF 8736, VREF SO0004                                                  
0599333056802096EUR2 1963437764018TODAY[-1d]     LIBFC200001                                                                
0799333    02096EUR2 19634377640  TODAY[-1d]                                                  0000003029376H                
0199333    02096EUR2 19634377640  TODAY[-1d]                                                  0000003029376H                
0499333000102096EUR2 1963437764001TODAY  TODAY[-1d]CHEQUE N.4001234                 40065780 0000000001473L                
0499333000102096EUR2 1963437764001TODAY  TODAY[-1d]CHEQUE N.4001235                 40065810 0000000015739}                
0499333081302096EUR2 19634377640B1TODAY  TODAYPRLV SEPA/MOBILE PHONE                  0 0000000002133Q2456525         
0599333081302096EUR2 19634377640B1TODAY     NBEERRRTEL                                                                 
0599333081302096EUR2 19634377640B1TODAY     IBEFR14ZZZ012345                                                           
0599333081302096EUR2 19634377640B1TODAY     LCCMOBENT - P - FACTURE  2456525 - COMPTE FACT  2456528 - IDENT  1800054   
0599333081302096EUR2 19634377640B1TODAY     RUM08450414570000543921               RCUR                                 
0499333081302096EUR2 1963437764006TODAY  TODAYVIREMENT T0008                          0 0000000005227KINV0005         
0599333081302096EUR2 1963437764006TODAY     LIBFACTURE INV0005                                                         
0499333081302096EUR2 1963437764011TODAY  TODAYPAIEMENT CB FACTURE INV0002             0 0000000061194}INV0002         
0799333    02096EUR2 19634377640  TODAY                                                  0000002943609E                
